% from typeinst.tex

@article{beltagy2019scibert,
  title={SciBERT: A pretrained language model for scientific text},
  author={Beltagy, Iz and Lo, Kyle and Cohan, Arman},
  journal={arXiv preprint arXiv:1903.10676},
  year={2019}
}

@inproceedings{fuhr2018some,
  title={Some common mistakes in IR evaluation, and how they can be avoided},
  author={Fuhr, Norbert},
  booktitle={ACM SIGIR Forum},
  volume={51},
  pages={32--41},
  year={2018},
  organization={ACM New York, NY, USA}
}

@article{augenstein2017generalisation,
  title={Generalisation in named entity recognition: A quantitative analysis},
  author={Augenstein, Isabelle and Derczynski, Leon and Bontcheva, Kalina},
  journal={Computer Speech \& Language},
  volume={44},
  pages={61--83},
  year={2017},
  publisher={Elsevier}
}

@inproceedings{xu2007extracting,
  title={Extracting subject demographic information from abstracts of randomized clinical trial reports},
  author={Xu, Rong and Garten, Yael and Supekar, Kaustubh S and Das, Amar K and Altman, Russ B and Garber, Alan M and others},
  booktitle={Medinfo 2007: Proceedings of the 12th World Congress on Health (Medical) Informatics; Building Sustainable Health Systems},
  pages={550},
  year={2007},
  organization={IOS Press}
}

@article{pmid20470429,
  title={Combining classifiers for robust PICO element detection},
  author={Boudin, Florian and Nie, Jian-Yun and Bartlett, Joan C and Grad, Roland and Pluye, Pierre and Dawes, Martin},
  journal={BMC medical informatics and decision making},
  volume={10},
  number={1},
  pages={1--6},
  year={2010},
  publisher={BioMed Central}
}

@inproceedings{chabou2015pico,
  title={PICO Extraction by combining the robustness of machine-learning methods with the rule-based methods},
  author={Chabou, S and Iglewski, M},
  booktitle={2015 World Congress on Information Technology and Computer Applications (WCITCA)},
  pages={1--4},
  year={2015},
  organization={IEEE}
}

@article{khangura2012evidence,
  title={Evidence summaries: the evolution of a rapid review approach},
  author={Khangura, Sara and Konnyu, Kristin and Cushman, Rob and Grimshaw, Jeremy and Moher, David},
  journal={Systematic reviews},
  volume={1},
  number={1},
  pages={1--9},
  year={2012},
  publisher={BioMed Central}
}

@article{jaseena2014issues,
  title={Issues, challenges, and solutions: big data mining},
  author={Jaseena, KU and David, Julie M},
  journal={CS \& IT-CSCP},
  volume={4},
  number={13},
  pages={131--140},
  year={2014},
  publisher={Citeseer}
}

@inproceedings{zheng2019boundary,
  title={A boundary-aware neural model for nested named entity recognition},
  author={Zheng, Changmeng and Cai, Yi and Xu, Jingyun and Leung, Ho-fung and Xu, Guandong},
  booktitle={Proceedings of the 2019 Conference on Empirical Methods in Natural Language Processing and the 9th International Joint Conference on Natural Language Processing (EMNLP-IJCNLP)},
  pages={357--366},
  year={2019}
}

@article{fei2020dispatched,
  title={Dispatched attention with multi-task learning for nested mention recognition},
  author={Fei, Hao and Ren, Yafeng and Ji, Donghong},
  journal={Information Sciences},
  volume={513},
  pages={241--251},
  year={2020},
  publisher={Elsevier}
}

@misc{he2017semantics,
  title={Semantics-powered healthcare engineering and data analytics},
  author={He, Zhe and Tao, Cui and Bian, Jiang and Dumontier, Michel and Hogan, William R},
  year={2017},
  publisher={Hindawi}
}

@article{joshi2019comparison,
  title={A comparison of word-based and context-based representations for classification problems in health informatics},
  author={Joshi, Aditya and Karimi, Sarvnaz and Sparks, Ross and Paris, Cecile and MacIntyre, C Raina},
  journal={arXiv preprint arXiv:1906.05468},
  year={2019}
}

@article{brockmeier2019improving,
  title={Improving reference prioritisation with PICO recognition},
  author={Brockmeier, Austin J and Ju, Meizhi and Przyby{\l}a, Piotr and Ananiadou, Sophia},
  journal={BMC medical informatics and decision making},
  volume={19},
  number={1},
  pages={1--14},
  year={2019},
  publisher={BioMed Central}
}

@article{zhang2020unlocking,
  title={Unlocking the power of deep pico extraction: Step-wise medical ner identification},
  author={Zhang, Tengteng and Yu, Yiqin and Mei, Jing and Tang, Zefang and Zhang, Xiang and Li, Shaochun},
  journal={arXiv preprint arXiv:2005.06601},
  year={2020}
}

@article{chung2009towards,
  title={Towards identifying intervention arms in randomized controlled trials: extracting coordinating constructions},
  author={Chung, Grace Yuet-Chee},
  journal={Journal of biomedical informatics},
  volume={42},
  number={5},
  pages={790--800},
  year={2009},
  publisher={Elsevier}
}

@inproceedings{nye2018corpus,
  title={A corpus with multi-level annotations of patients, interventions and outcomes to support language processing for medical literature},
  author={Nye, Benjamin and Li, Junyi Jessy and Patel, Roma and Yang, Yinfei and Marshall, Iain J and Nenkova, Ani and Wallace, Byron C},
  booktitle={Proceedings of the conference. Association for Computational Linguistics. Meeting},
  volume={2018},
  pages={197},
  year={2018},
  organization={NIH Public Access}
}

@inproceedings{dror2018hitchhiker,
  title={The hitchhikerâ€™s guide to testing statistical significance in natural language processing},
  author={Dror, Rotem and Baumer, Gili and Shlomov, Segev and Reichart, Roi},
  booktitle={Proceedings of the 56th Annual Meeting of the Association for Computational Linguistics (Volume 1: Long Papers)},
  pages={1383--1392},
  year={2018}
}

@article{huang2015bidirectional,
  title={Bidirectional LSTM-CRF models for sequence tagging},
  author={Huang, Zhiheng and Xu, Wei and Yu, Kai},
  journal={arXiv preprint arXiv:1508.01991},
  year={2015}
}

@article{aguilar2019modeling,
  title={Modeling noisiness to recognize named entities using multitask neural networks on social media},
  author={Aguilar, Gustavo and L{\'o}pez-Monroy, A Pastor and Gonz{\'a}lez, Fabio A and Solorio, Thamar},
  journal={arXiv preprint arXiv:1906.04129},
  year={2019}
}

@article{ma2016end,
  title={End-to-end sequence labeling via bi-directional lstm-cnns-crf},
  author={Ma, Xuezhe and Hovy, Eduard},
  journal={arXiv preprint arXiv:1603.01354},
  year={2016}
}

@inproceedings{huang2006evaluation,
  title={Evaluation of PICO as a knowledge representation for clinical questions},
  author={Huang, Xiaoli and Lin, Jimmy and Demner-Fushman, Dina},
  booktitle={AMIA annual symposium proceedings},
  volume={2006},
  pages={359},
  year={2006},
  organization={American Medical Informatics Association}
}

@article{dawes2007identification,
  title={The identification of clinically important elements within medical journal abstracts: Patient\_population\_problem, exposure\_intervention, comparison, outcome, duration and results (PECODR)},
  author={Dawes, Martin and Pluye, Pierre and Shea, Laura and Grad, Roland and Greenberg, Arlene and Nie, Jian-Yun},
  journal={Journal of Innovation in Health Informatics},
  volume={15},
  number={1},
  pages={9--16},
  year={2007}
}

@inproceedings{vaswani2017attention,
  title={Attention is all you need},
  author={Vaswani, Ashish and Shazeer, Noam and Parmar, Niki and Uszkoreit, Jakob and Jones, Llion and Gomez, Aidan N and Kaiser, {\L}ukasz and Polosukhin, Illia},
  booktitle={Advances in neural information processing systems},
  pages={5998--6008},
  year={2017}
}

@article{hochreiter1997long,
  title={Long short-term memory},
  author={Hochreiter, Sepp and Schmidhuber, J{\"u}rgen},
  journal={Neural computation},
  volume={9},
  number={8},
  pages={1735--1780},
  year={1997},
  publisher={MIT Press}
}

@article{devlin2018bert,
  title={Bert: Pre-training of deep bidirectional transformers for language understanding},
  author={Devlin, Jacob and Chang, Ming-Wei and Lee, Kenton and Toutanova, Kristina},
  journal={arXiv preprint arXiv:1810.04805},
  year={2018}
}

@article{radford2019language,
  title={Language models are unsupervised multitask learners},
  author={Radford, Alec and Wu, Jeffrey and Child, Rewon and Luan, David and Amodei, Dario and Sutskever, Ilya},
  journal={OpenAI Blog},
  volume={1},
  number={8},
  pages={9},
  year={2019}
}

@inproceedings{russell2009systematic,
  title={Systematic Review Methods},
  author={Russell, R and Chung, M and Balk, EM and Atkinson, S and Giovannucci, EL and Ip, S and Lau, J},
  booktitle={Issues and Challenges in Conducting Systematic Reviews to Support Development of Nutrient Reference Values: Workshop Summary: Nutrition Research Series},
  volume={2},
  year={2009}
}

@article{berges2016trhont,
  title={TrhOnt: building an ontology to assist rehabilitation processes},
  author={Berges, Idoia and Ant{\'o}n, David and Berm{\'u}dez, Jes{\'u}s and Go{\~n}i, Alfredo and Illarramendi, Arantza},
  journal={Journal of biomedical semantics},
  volume={7},
  number={1},
  pages={60},
  year={2016},
  publisher={Springer}
}

@article{hilfiker2018exercise,
  title={Exercise and other non-pharmaceutical interventions for cancer-related fatigue in patients during or after cancer treatment: a systematic review incorporating an indirect-comparisons meta-analysis},
  author={Hilfiker, Roger and Meichtry, Andre and Eicher, Manuela and Balfe, Lina Nilsson and Knols, Ruud H and Verra, Martin L and Taeymans, Jan},
  journal={British journal of sports medicine},
  volume={52},
  number={10},
  pages={651--658},
  year={2018},
  publisher={BMJ Publishing Group Ltd and British Association of Sport and Exercise Medicine}
}

@inproceedings{duong2015low,
  title={Low resource dependency parsing: Cross-lingual parameter sharing in a neural network parser},
  author={Duong, Long and Cohn, Trevor and Bird, Steven and Cook, Paul},
  booktitle={Proceedings of the 53rd Annual Meeting of the Association for Computational Linguistics and the 7th International Joint Conference on Natural Language Processing (Volume 2: Short Papers)},
  pages={845--850},
  year={2015}
}

@article{ruder2017overview,
  title={An overview of multi-task learning in deep neural networks},
  author={Ruder, Sebastian},
  journal={arXiv preprint arXiv:1706.05098},
  year={2017}
}

@article{caruana1997multitask,
  title={Multitask learning},
  author={Caruana, Rich},
  journal={Machine learning},
  volume={28},
  number={1},
  pages={41--75},
  year={1997},
  publisher={Springer}
}

@article{baxter1997bayesian,
  title={A Bayesian/information theoretic model of learning to learn via multiple task sampling},
  author={Baxter, Jonathan},
  journal={Machine learning},
  volume={28},
  number={1},
  pages={7--39},
  year={1997},
  publisher={Springer}
}

@article{demner2007answering,
  title={Answering clinical questions with knowledge-based and statistical techniques},
  author={Demner-Fushman, Dina and Lin, Jimmy},
  journal={Computational Linguistics},
  volume={33},
  number={1},
  pages={63--103},
  year={2007},
  publisher={MIT Press}
}

@article{richardson1995well,
  title={The well-built clinical question: a key to evidence-based decisions},
  author={Richardson, W Scott and Wilson, Mark C and Nishikawa, Jim and Hayward, Robert S and others},
  journal={Acp j club},
  volume={123},
  number={3},
  pages={A12--3},
  year={1995}
}

@inproceedings{boudin2010clinical,
  title={Clinical information retrieval using document and PICO structure},
  author={Boudin, Florian and Nie, Jian-Yun and Dawes, Martin},
  booktitle={Human Language Technologies: The 2010 Annual Conference of the North American Chapter of the Association for Computational Linguistics},
  pages={822--830},
  year={2010}
}

@inproceedings{boudin2010improving,
  title={Improving medical information retrieval with pico element detection},
  author={Boudin, Florian and Shi, Lixin and Nie, Jian-Yun},
  booktitle={European Conference on Information Retrieval},
  pages={50--61},
  year={2010},
  organization={Springer}
}

@inproceedings{kim2011automatic,
  title={Automatic classification of sentences to support evidence based medicine},
  author={Kim, Su Nam and Martinez, David and Cavedon, Lawrence and Yencken, Lars},
  booktitle={BMC bioinformatics},
  volume={12},
  pages={S5},
  year={2011},
  organization={Springer}
}

@inproceedings{jin2018pico,
  title={Pico element detection in medical text via long short-term memory neural networks},
  author={Jin, Di and Szolovits, Peter},
  booktitle={Proceedings of the BioNLP 2018 workshop},
  pages={67--75},
  year={2018}
}

@article{chabou2018combination,
  title={Combination of conditional random field with a rule based method in the extraction of PICO elements},
  author={Chabou, Samir and Iglewski, Michal},
  journal={BMC medical informatics and decision making},
  volume={18},
  number={1},
  pages={128},
  year={2018},
  publisher={Springer}
}

@article{hara2007extracting,
  title={Extracting clinical trial design information from MEDLINE abstracts},
  author={Hara, Kazuo and Matsumoto, Yuji},
  journal={New Generation Computing},
  volume={25},
  number={3},
  pages={263--275},
  year={2007},
  publisher={Springer}
}






%%%%%%%%%%%%%%%%%
% LNCS style
%%%%%%%%%%%%%%%%%

@article{jour,
	author = {Smith, Temple F. AND Waterman, Michael S.},
	title = {Identification of Common Molecular Subsequences},
	journal = {J. Mol. Biol.},
	volume = {147},
	pages = {195--197},
	date = {1981-07-14},
	doi = {10.1016/0022-2836(81)90087-5},
}

@inproceedings{lncschap,
	author = {May, Patrick AND Ehrlich, Hans-Christian AND Steinke, Thomas},
	title = {ZIB Structure Prediction Pipeline: Composing a Complex Biological Workflow through Web Services},
	editor = {Nagel, Wolfgang E. AND Walter, Wolfgang V. AND Lehner, Wolfgang},
	eventtitle = {Euro-Par 2006},
	series = {LNCS},
	volume = {4128},
	pages = {1148--1158},
	publisher = {Springer},
	location = {Heidelberg},
	date = {2006},
	doi = {10.1007/11823285_121},
}

@book{book,
	author = {Foster, Ian AND Kesselman, Carl},
	title = {The Grid: Blueprint for a New Computing Infrastructure},
	publisher = {Morgan Kaufmann},
	location = {San Francisco},
	date = {1999},
	isbn = {1-55860-475-8},
}

@inproceedings{proceeding1,
	author = {Czajkowski, Karl AND Fitzgerald, Steven AND Foster, Ian AND Kesselman, Carl},
	title = {Grid Information Services for Distributed Resource Sharing},
	eventtitle = {10th IEEE International Symposium on High Performance Distributed Computing},
	pages = {181--184},
	publisher = {IEEE Press, New York},
	date = {2001},
	doi = {10.1109/HPDC.2001.945188},
}

@report{proceeding2,
	author = {Foster, Ian AND Kesselman, Carl AND Nick, J. AND Tuecke, S.},
	title = {The Physiology of the Grid: an Open Grid Services Architecture for Distributed Systems
Integration},
	type = {Technical report},
	institution = {Global Grid Forum},
	date = {2002},
	url = {http://toolkit.globus.org/alliance/publications/papers.php#OGSA},
}

@online{url,
	title = {National Center for Biotechnology Information},
	url = {http://www.ncbi.nlm.nih.gov},
}

% from llncs.dem
@article{clar:eke,
	author = {Clarke, Frank AND Ekeland, I.},
	title = {Nonlinear oscillations and boundary-value problems for Hamiltonian systems},
	journal = {Arch. Rat. Mech. Anal.},
	volume = {78},
	pages = {315--333},
	date = {1982},
	doi = {10.1007/BF00249584},
}

@article{clar:eke:2,
	author = {Clarke, Frank AND Ekeland, I.},
	title = {Solutions p\'{e}riodiques, du p\'{e}riode donn\'{e}e, des \'{e}quations hamiltoniennes},
	journal = {Note CRAS Paris},
	volume = {287},
	pages = {1013--1015},
	date = {1978},
}

@article{mich:tar,
	author = {Michalek, R. AND Tarantello, G.},
	title = {Subharmonic solutions with prescribed minimal period for nonautonomous Hamiltonian systems},
	journal = {J. Diff. Eq.},
	volume = {72},
	pages = {28--55},
	date = {1988},
}

@article{tar,
	author = {Tarantello, G.},
	title = {Subharmonic solutions for Hamiltonian systems via a $\bbbz_{p}$ pseudoindex theory},
	journal = {Annali di Matematica Pura},
	pubstate = {to appear},
}

@article{rab,
	author = {Rabinowitz, P.},
	title = {On subharmonic solutions of a Hamiltonian system},
	journal = {Comm. Pure Appl. Math.},
	volume = {33},
	pages = {609--633},
	date = {1980},
}